%YAML 1.1
%TAG !u! tag:unity3d.com,2011:
--- !u!29 &1
OcclusionCullingSettings:
  m_ObjectHideFlags: 0
  serializedVersion: 2
  m_OcclusionBakeSettings:
    smallestOccluder: 5
    smallestHole: 0.25
    backfaceThreshold: 100
  m_SceneGUID: 00000000000000000000000000000000
  m_OcclusionCullingData: {fileID: 0}
--- !u!104 &2
RenderSettings:
  m_ObjectHideFlags: 0
  serializedVersion: 9
  m_Fog: 0
  m_FogColor: {r: 0.5, g: 0.5, b: 0.5, a: 1}
  m_FogMode: 3
  m_FogDensity: 0.01
  m_LinearFogStart: 0
  m_LinearFogEnd: 300
  m_AmbientSkyColor: {r: 0.212, g: 0.227, b: 0.259, a: 1}
  m_AmbientEquatorColor: {r: 0.114, g: 0.125, b: 0.133, a: 1}
  m_AmbientGroundColor: {r: 0.047, g: 0.043, b: 0.035, a: 1}
  m_AmbientIntensity: 1
  m_AmbientMode: 0
  m_SubtractiveShadowColor: {r: 0.42, g: 0.478, b: 0.627, a: 1}
  m_SkyboxMaterial: {fileID: 10304, guid: 0000000000000000f000000000000000, type: 0}
  m_HaloStrength: 0.5
  m_FlareStrength: 1
  m_FlareFadeSpeed: 3
  m_HaloTexture: {fileID: 0}
  m_SpotCookie: {fileID: 10001, guid: 0000000000000000e000000000000000, type: 0}
  m_DefaultReflectionMode: 0
  m_DefaultReflectionResolution: 128
  m_ReflectionBounces: 1
  m_ReflectionIntensity: 1
  m_CustomReflection: {fileID: 0}
  m_Sun: {fileID: 0}
  m_IndirectSpecularColor: {r: 0.44657898, g: 0.4964133, b: 0.5748178, a: 1}
  m_UseRadianceAmbientProbe: 0
--- !u!157 &3
LightmapSettings:
  m_ObjectHideFlags: 0
  serializedVersion: 12
  m_GIWorkflowMode: 1
  m_GISettings:
    serializedVersion: 2
    m_BounceScale: 1
    m_IndirectOutputScale: 1
    m_AlbedoBoost: 1
    m_EnvironmentLightingMode: 0
    m_EnableBakedLightmaps: 1
    m_EnableRealtimeLightmaps: 0
  m_LightmapEditorSettings:
    serializedVersion: 12
    m_Resolution: 2
    m_BakeResolution: 40
    m_AtlasSize: 1024
    m_AO: 0
    m_AOMaxDistance: 1
    m_CompAOExponent: 1
    m_CompAOExponentDirect: 0
    m_ExtractAmbientOcclusion: 0
    m_Padding: 2
    m_LightmapParameters: {fileID: 0}
    m_LightmapsBakeMode: 1
    m_TextureCompression: 1
    m_FinalGather: 0
    m_FinalGatherFiltering: 1
    m_FinalGatherRayCount: 256
    m_ReflectionCompression: 2
    m_MixedBakeMode: 2
    m_BakeBackend: 1
    m_PVRSampling: 1
    m_PVRDirectSampleCount: 32
    m_PVRSampleCount: 512
    m_PVRBounces: 2
    m_PVREnvironmentSampleCount: 256
    m_PVREnvironmentReferencePointCount: 2048
    m_PVRFilteringMode: 1
    m_PVRDenoiserTypeDirect: 1
    m_PVRDenoiserTypeIndirect: 1
    m_PVRDenoiserTypeAO: 1
    m_PVRFilterTypeDirect: 0
    m_PVRFilterTypeIndirect: 0
    m_PVRFilterTypeAO: 0
    m_PVREnvironmentMIS: 1
    m_PVRCulling: 1
    m_PVRFilteringGaussRadiusDirect: 1
    m_PVRFilteringGaussRadiusIndirect: 5
    m_PVRFilteringGaussRadiusAO: 2
    m_PVRFilteringAtrousPositionSigmaDirect: 0.5
    m_PVRFilteringAtrousPositionSigmaIndirect: 2
    m_PVRFilteringAtrousPositionSigmaAO: 1
    m_ExportTrainingData: 0
    m_TrainingDataDestination: TrainingData
    m_LightProbeSampleCountMultiplier: 4
  m_LightingDataAsset: {fileID: 0}
  m_LightingSettings: {fileID: 0}
--- !u!196 &4
NavMeshSettings:
  serializedVersion: 2
  m_ObjectHideFlags: 0
  m_BuildSettings:
    serializedVersion: 3
    agentTypeID: 0
    agentRadius: 0.5
    agentHeight: 2
    agentSlope: 45
    agentClimb: 0.4
    ledgeDropHeight: 0
    maxJumpAcrossDistance: 0
    minRegionArea: 2
    manualCellSize: 0
    cellSize: 0.16666667
    manualTileSize: 0
    tileSize: 256
    buildHeightMesh: 0
    maxJobWorkers: 0
    preserveTilesOutsideBounds: 0
    debug:
      m_Flags: 0
  m_NavMeshData: {fileID: 0}
--- !u!1 &579766095
GameObject:
  m_ObjectHideFlags: 0
  m_CorrespondingSourceObject: {fileID: 0}
  m_PrefabInstance: {fileID: 0}
  m_PrefabAsset: {fileID: 0}
  serializedVersion: 6
  m_Component:
  - component: {fileID: 579766099}
  - component: {fileID: 579766098}
  - component: {fileID: 579766097}
  - component: {fileID: 579766096}
  m_Layer: 0
  m_Name: Floor
  m_TagString: Untagged
  m_Icon: {fileID: 0}
  m_NavMeshLayer: 0
  m_StaticEditorFlags: 0
  m_IsActive: 1
--- !u!64 &579766096
MeshCollider:
  m_ObjectHideFlags: 0
  m_CorrespondingSourceObject: {fileID: 0}
  m_PrefabInstance: {fileID: 0}
  m_PrefabAsset: {fileID: 0}
  m_GameObject: {fileID: 579766095}
  m_Material: {fileID: 0}
  m_IncludeLayers:
    serializedVersion: 2
    m_Bits: 0
  m_ExcludeLayers:
    serializedVersion: 2
    m_Bits: 0
  m_LayerOverridePriority: 0
  m_IsTrigger: 0
  m_ProvidesContacts: 0
  m_Enabled: 1
  serializedVersion: 5
  m_Convex: 0
  m_CookingOptions: 30
  m_Mesh: {fileID: 10209, guid: 0000000000000000e000000000000000, type: 0}
--- !u!23 &579766097
MeshRenderer:
  m_ObjectHideFlags: 0
  m_CorrespondingSourceObject: {fileID: 0}
  m_PrefabInstance: {fileID: 0}
  m_PrefabAsset: {fileID: 0}
  m_GameObject: {fileID: 579766095}
  m_Enabled: 1
  m_CastShadows: 1
  m_ReceiveShadows: 1
  m_DynamicOccludee: 1
  m_StaticShadowCaster: 0
  m_MotionVectors: 1
  m_LightProbeUsage: 1
  m_ReflectionProbeUsage: 1
  m_RayTracingMode: 2
  m_RayTraceProcedural: 0
  m_RenderingLayerMask: 1
  m_RendererPriority: 0
  m_Materials:
  - {fileID: 2100000, guid: 3509939fc1933394e81e297af509ce09, type: 2}
  m_StaticBatchInfo:
    firstSubMesh: 0
    subMeshCount: 0
  m_StaticBatchRoot: {fileID: 0}
  m_ProbeAnchor: {fileID: 0}
  m_LightProbeVolumeOverride: {fileID: 0}
  m_ScaleInLightmap: 1
  m_ReceiveGI: 1
  m_PreserveUVs: 0
  m_IgnoreNormalsForChartDetection: 0
  m_ImportantGI: 0
  m_StitchLightmapSeams: 1
  m_SelectedEditorRenderState: 3
  m_MinimumChartSize: 4
  m_AutoUVMaxDistance: 0.5
  m_AutoUVMaxAngle: 89
  m_LightmapParameters: {fileID: 0}
  m_SortingLayerID: 0
  m_SortingLayer: 0
  m_SortingOrder: 0
  m_AdditionalVertexStreams: {fileID: 0}
--- !u!33 &579766098
MeshFilter:
  m_ObjectHideFlags: 0
  m_CorrespondingSourceObject: {fileID: 0}
  m_PrefabInstance: {fileID: 0}
  m_PrefabAsset: {fileID: 0}
  m_GameObject: {fileID: 579766095}
  m_Mesh: {fileID: 10209, guid: 0000000000000000e000000000000000, type: 0}
--- !u!4 &579766099
Transform:
  m_ObjectHideFlags: 0
  m_CorrespondingSourceObject: {fileID: 0}
  m_PrefabInstance: {fileID: 0}
  m_PrefabAsset: {fileID: 0}
  m_GameObject: {fileID: 579766095}
  serializedVersion: 2
  m_LocalRotation: {x: 0, y: 0, z: 0, w: 1}
  m_LocalPosition: {x: 0, y: 0, z: 0}
  m_LocalScale: {x: 5, y: 1, z: 5}
  m_ConstrainProportionsScale: 0
  m_Children: []
  m_Father: {fileID: 0}
  m_LocalEulerAnglesHint: {x: 0, y: 0, z: 0}
--- !u!1 &1411352641
GameObject:
  m_ObjectHideFlags: 0
  m_CorrespondingSourceObject: {fileID: 0}
  m_PrefabInstance: {fileID: 0}
  m_PrefabAsset: {fileID: 0}
  serializedVersion: 6
  m_Component:
  - component: {fileID: 1411352644}
  - component: {fileID: 1411352643}
  - component: {fileID: 1411352642}
  m_Layer: 0
  m_Name: VisualScripting SceneVariables
  m_TagString: Untagged
  m_Icon: {fileID: 0}
  m_NavMeshLayer: 0
  m_StaticEditorFlags: 0
  m_IsActive: 1
--- !u!114 &1411352642
MonoBehaviour:
  m_ObjectHideFlags: 0
  m_CorrespondingSourceObject: {fileID: 0}
  m_PrefabInstance: {fileID: 0}
  m_PrefabAsset: {fileID: 0}
  m_GameObject: {fileID: 1411352641}
  m_Enabled: 1
  m_EditorHideFlags: 0
  m_Script: {fileID: 11500000, guid: 765181c9ef4b24d32a4f7cbd2ef370dc, type: 3}
  m_Name: 
  m_EditorClassIdentifier: 
--- !u!114 &1411352643
MonoBehaviour:
  m_ObjectHideFlags: 0
  m_CorrespondingSourceObject: {fileID: 0}
  m_PrefabInstance: {fileID: 0}
  m_PrefabAsset: {fileID: 0}
  m_GameObject: {fileID: 1411352641}
  m_Enabled: 1
  m_EditorHideFlags: 0
  m_Script: {fileID: 11500000, guid: e741851cba3ad425c91ecf922cc6b379, type: 3}
  m_Name: 
  m_EditorClassIdentifier: 
  _data:
    _json: '{"declarations":{"Kind":"Scene","collection":{"$content":[],"$version":"A"},"$version":"A"}}'
    _objectReferences: []
--- !u!4 &1411352644
Transform:
  m_ObjectHideFlags: 0
  m_CorrespondingSourceObject: {fileID: 0}
  m_PrefabInstance: {fileID: 0}
  m_PrefabAsset: {fileID: 0}
  m_GameObject: {fileID: 1411352641}
  serializedVersion: 2
  m_LocalRotation: {x: 0, y: 0, z: 0, w: 1}
  m_LocalPosition: {x: 0, y: 0, z: 0}
  m_LocalScale: {x: 1, y: 1, z: 1}
  m_ConstrainProportionsScale: 0
  m_Children: []
  m_Father: {fileID: 0}
  m_LocalEulerAnglesHint: {x: 0, y: 0, z: 0}
--- !u!1 &1980348930
GameObject:
  m_ObjectHideFlags: 0
  m_CorrespondingSourceObject: {fileID: 0}
  m_PrefabInstance: {fileID: 0}
  m_PrefabAsset: {fileID: 0}
  serializedVersion: 6
  m_Component:
  - component: {fileID: 1980348932}
  - component: {fileID: 1980348931}
  m_Layer: 0
  m_Name: Directional Light
  m_TagString: Untagged
  m_Icon: {fileID: 0}
  m_NavMeshLayer: 0
  m_StaticEditorFlags: 0
  m_IsActive: 1
--- !u!108 &1980348931
Light:
  m_ObjectHideFlags: 0
  m_CorrespondingSourceObject: {fileID: 0}
  m_PrefabInstance: {fileID: 0}
  m_PrefabAsset: {fileID: 0}
  m_GameObject: {fileID: 1980348930}
  m_Enabled: 1
  serializedVersion: 10
  m_Type: 1
  m_Shape: 0
  m_Color: {r: 1, g: 0.95686275, b: 0.8392157, a: 1}
  m_Intensity: 1
  m_Range: 10
  m_SpotAngle: 30
  m_InnerSpotAngle: 21.80208
  m_CookieSize: 10
  m_Shadows:
    m_Type: 2
    m_Resolution: -1
    m_CustomResolution: -1
    m_Strength: 1
    m_Bias: 0.05
    m_NormalBias: 0.4
    m_NearPlane: 0.2
    m_CullingMatrixOverride:
      e00: 1
      e01: 0
      e02: 0
      e03: 0
      e10: 0
      e11: 1
      e12: 0
      e13: 0
      e20: 0
      e21: 0
      e22: 1
      e23: 0
      e30: 0
      e31: 0
      e32: 0
      e33: 1
    m_UseCullingMatrixOverride: 0
  m_Cookie: {fileID: 0}
  m_DrawHalo: 0
  m_Flare: {fileID: 0}
  m_RenderMode: 0
  m_CullingMask:
    serializedVersion: 2
    m_Bits: 4294967295
  m_RenderingLayerMask: 1
  m_Lightmapping: 4
  m_LightShadowCasterMode: 0
  m_AreaSize: {x: 1, y: 1}
  m_BounceIntensity: 1
  m_ColorTemperature: 6570
  m_UseColorTemperature: 0
  m_BoundingSphereOverride: {x: 0, y: 0, z: 0, w: 0}
  m_UseBoundingSphereOverride: 0
  m_UseViewFrustumForShadowCasterCull: 1
  m_ShadowRadius: 0
  m_ShadowAngle: 0
--- !u!4 &1980348932
Transform:
  m_ObjectHideFlags: 0
  m_CorrespondingSourceObject: {fileID: 0}
  m_PrefabInstance: {fileID: 0}
  m_PrefabAsset: {fileID: 0}
  m_GameObject: {fileID: 1980348930}
  serializedVersion: 2
  m_LocalRotation: {x: 0.40821788, y: -0.23456968, z: 0.10938163, w: 0.8754261}
  m_LocalPosition: {x: 0, y: 3, z: 0}
  m_LocalScale: {x: 1, y: 1, z: 1}
  m_ConstrainProportionsScale: 0
  m_Children: []
  m_Father: {fileID: 0}
  m_LocalEulerAnglesHint: {x: 50, y: -30, z: 0}
--- !u!1 &2096780882 stripped
GameObject:
  m_CorrespondingSourceObject: {fileID: 875694630720139519, guid: c1799e113ee5e3f459447f01a3a8f112, type: 3}
  m_PrefabInstance: {fileID: 3775621839849770485}
  m_PrefabAsset: {fileID: 0}
--- !u!114 &2096780884
MonoBehaviour:
  m_ObjectHideFlags: 0
  m_CorrespondingSourceObject: {fileID: 0}
  m_PrefabInstance: {fileID: 0}
  m_PrefabAsset: {fileID: 0}
  m_GameObject: {fileID: 2096780882}
  m_Enabled: 0
  m_EditorHideFlags: 0
  m_Script: {fileID: 11500000, guid: bcdfc6f642983364893ff0658fa8f227, type: 3}
  m_Name: 
  m_EditorClassIdentifier: 
  direction: {x: 0, y: 0, z: 1}
  speed: 1
--- !u!114 &2096780885
MonoBehaviour:
  m_ObjectHideFlags: 0
  m_CorrespondingSourceObject: {fileID: 0}
  m_PrefabInstance: {fileID: 0}
  m_PrefabAsset: {fileID: 0}
  m_GameObject: {fileID: 2096780882}
  m_Enabled: 0
  m_EditorHideFlags: 0
  m_Script: {fileID: 11500000, guid: d2fe5546f775c47d2820aa5e8a715f53, type: 3}
  m_Name: 
  m_EditorClassIdentifier: 
  _data:
    _json: '{"nest":{"source":"Macro","macro":0,"embed":null}}'
    _objectReferences:
    - {fileID: 11400000, guid: a0fd7956e01b17d40bd6e8a85b92e26b, type: 2}
--- !u!114 &2096780886
MonoBehaviour:
  m_ObjectHideFlags: 0
  m_CorrespondingSourceObject: {fileID: 0}
  m_PrefabInstance: {fileID: 0}
  m_PrefabAsset: {fileID: 0}
  m_GameObject: {fileID: 2096780882}
  m_Enabled: 1
  m_EditorHideFlags: 0
  m_Script: {fileID: 11500000, guid: e741851cba3ad425c91ecf922cc6b379, type: 3}
  m_Name: 
  m_EditorClassIdentifier: 
  _data:
    _json: '{"declarations":{"Kind":"Object","collection":{"$content":[{"name":"MoveSpeed","value":{"$content":5.0,"$type":"System.Single"},"typeHandle":{"Identification":"System.Single,
      mscorlib, Version=4.0.0.0, Culture=neutral, PublicKeyToken=b77a5c561934e089","$version":"A"},"$version":"A"},{"name":"MoveAxis","value":{"x":0.0,"y":0.0,"z":1.0,"$type":"UnityEngine.Vector3"},"typeHandle":{"Identification":"UnityEngine.Vector3,
      UnityEngine.CoreModule, Version=0.0.0.0, Culture=neutral, PublicKeyToken=null","$version":"A"},"$version":"A"},{"name":"RotationSpeed","value":{"$content":20.0,"$type":"System.Single"},"typeHandle":{"Identification":"System.Single,
      mscorlib, Version=4.0.0.0, Culture=neutral, PublicKeyToken=b77a5c561934e089","$version":"A"},"$version":"A"},{"name":"RotationAxis","value":{"x":0.0,"y":0.0,"z":0.0,"$type":"UnityEngine.Vector3"},"typeHandle":{"Identification":"UnityEngine.Vector3,
      UnityEngine.CoreModule, Version=0.0.0.0, Culture=neutral, PublicKeyToken=null","$version":"A"},"$version":"A"},{"name":"ScaleSpeed","value":{"$content":0.0,"$type":"System.Single"},"typeHandle":{"Identification":"System.Single,
      mscorlib, Version=4.0.0.0, Culture=neutral, PublicKeyToken=b77a5c561934e089","$version":"A"},"$version":"A"},{"name":"ScaleAxis","value":{"x":0.0,"y":0.0,"z":0.0,"$type":"UnityEngine.Vector3"},"typeHandle":{"Identification":"UnityEngine.Vector3,
      UnityEngine.CoreModule, Version=0.0.0.0, Culture=neutral, PublicKeyToken=null","$version":"A"},"$version":"A"}],"$version":"A"},"$version":"A"}}'
    _objectReferences: []
--- !u!114 &2096780887
MonoBehaviour:
  m_ObjectHideFlags: 0
  m_CorrespondingSourceObject: {fileID: 0}
  m_PrefabInstance: {fileID: 0}
  m_PrefabAsset: {fileID: 0}
  m_GameObject: {fileID: 2096780882}
  m_Enabled: 0
  m_EditorHideFlags: 0
  m_Script: {fileID: 11500000, guid: d2fe5546f775c47d2820aa5e8a715f53, type: 3}
  m_Name: 
  m_EditorClassIdentifier: 
  _data:
    _json: '{"nest":{"source":"Macro","macro":0,"embed":null}}'
    _objectReferences:
    - {fileID: 11400000, guid: 323d16df1642fb04aa6c4d93e8d84b86, type: 2}
--- !u!114 &2096780888
MonoBehaviour:
  m_ObjectHideFlags: 0
  m_CorrespondingSourceObject: {fileID: 0}
  m_PrefabInstance: {fileID: 0}
  m_PrefabAsset: {fileID: 0}
  m_GameObject: {fileID: 2096780882}
  m_Enabled: 0
  m_EditorHideFlags: 0
  m_Script: {fileID: 11500000, guid: 10f969d6c4977554484a9d292894d50f, type: 3}
  m_Name: 
  m_EditorClassIdentifier: 
  axes: {x: 0, y: 1, z: 0}
  scaleUnits: 5
--- !u!114 &2096780889
MonoBehaviour:
  m_ObjectHideFlags: 0
  m_CorrespondingSourceObject: {fileID: 0}
  m_PrefabInstance: {fileID: 0}
  m_PrefabAsset: {fileID: 0}
  m_GameObject: {fileID: 2096780882}
  m_Enabled: 1
  m_EditorHideFlags: 0
  m_Script: {fileID: 11500000, guid: ac0772d3591927b4989a5c386023cb52, type: 3}
  m_Name: 
  m_EditorClassIdentifier: 
  speed: 4
  angularSpeed: 30
--- !u!114 &2096780890
MonoBehaviour:
  m_ObjectHideFlags: 0
  m_CorrespondingSourceObject: {fileID: 0}
  m_PrefabInstance: {fileID: 0}
  m_PrefabAsset: {fileID: 0}
  m_GameObject: {fileID: 2096780882}
  m_Enabled: 0
  m_EditorHideFlags: 0
  m_Script: {fileID: 11500000, guid: d2fe5546f775c47d2820aa5e8a715f53, type: 3}
  m_Name: 
  m_EditorClassIdentifier: 
  _data:
    _json: '{"nest":{"source":"Macro","macro":0,"embed":null}}'
    _objectReferences:
    - {fileID: 11400000, guid: 5006efb3ca86e6945ac03ac1c4c2fea3, type: 2}
--- !u!114 &2096780891
MonoBehaviour:
  m_ObjectHideFlags: 0
  m_CorrespondingSourceObject: {fileID: 0}
  m_PrefabInstance: {fileID: 0}
  m_PrefabAsset: {fileID: 0}
  m_GameObject: {fileID: 2096780882}
  m_Enabled: 0
  m_EditorHideFlags: 0
  m_Script: {fileID: 11500000, guid: f9be6095ef36d4843ae41397df60ca4d, type: 3}
  m_Name: 
  m_EditorClassIdentifier: 
  axes: {x: 0, y: 1, z: 0}
  speed: 6
--- !u!114 &2096780893
MonoBehaviour:
  m_ObjectHideFlags: 0
  m_CorrespondingSourceObject: {fileID: 0}
  m_PrefabInstance: {fileID: 0}
  m_PrefabAsset: {fileID: 0}
  m_GameObject: {fileID: 2096780882}
  m_Enabled: 1
  m_EditorHideFlags: 0
  m_Script: {fileID: 11500000, guid: d2fe5546f775c47d2820aa5e8a715f53, type: 3}
  m_Name: 
  m_EditorClassIdentifier: 
  _data:
    _json: '{"nest":{"source":"Macro","macro":0,"embed":null}}'
    _objectReferences:
    - {fileID: 11400000, guid: 7d52ba8121fa60247acf8f0050d70b23, type: 2}
--- !u!1001 &3775621839849770485
PrefabInstance:
  m_ObjectHideFlags: 0
  serializedVersion: 2
  m_Modification:
    serializedVersion: 3
    m_TransformParent: {fileID: 0}
    m_Modifications:
    - target: {fileID: 875694630720139519, guid: c1799e113ee5e3f459447f01a3a8f112, type: 3}
      propertyPath: m_Name
      value: FPSController
      objectReference: {fileID: 0}
    - target: {fileID: 1915834439489688455, guid: c1799e113ee5e3f459447f01a3a8f112, type: 3}
      propertyPath: m_LocalPosition.x
      value: 0
      objectReference: {fileID: 0}
    - target: {fileID: 1915834439489688455, guid: c1799e113ee5e3f459447f01a3a8f112, type: 3}
      propertyPath: m_LocalPosition.y
      value: 0
      objectReference: {fileID: 0}
    - target: {fileID: 1915834439489688455, guid: c1799e113ee5e3f459447f01a3a8f112, type: 3}
      propertyPath: m_LocalPosition.z
      value: 0
      objectReference: {fileID: 0}
    - target: {fileID: 1915834439489688455, guid: c1799e113ee5e3f459447f01a3a8f112, type: 3}
      propertyPath: m_LocalRotation.w
      value: 1
      objectReference: {fileID: 0}
    - target: {fileID: 1915834439489688455, guid: c1799e113ee5e3f459447f01a3a8f112, type: 3}
      propertyPath: m_LocalRotation.x
      value: 0
      objectReference: {fileID: 0}
    - target: {fileID: 1915834439489688455, guid: c1799e113ee5e3f459447f01a3a8f112, type: 3}
      propertyPath: m_LocalRotation.y
      value: 0
      objectReference: {fileID: 0}
    - target: {fileID: 1915834439489688455, guid: c1799e113ee5e3f459447f01a3a8f112, type: 3}
      propertyPath: m_LocalRotation.z
      value: 0
      objectReference: {fileID: 0}
    - target: {fileID: 1915834439489688455, guid: c1799e113ee5e3f459447f01a3a8f112, type: 3}
      propertyPath: m_LocalEulerAnglesHint.x
      value: 0
      objectReference: {fileID: 0}
    - target: {fileID: 1915834439489688455, guid: c1799e113ee5e3f459447f01a3a8f112, type: 3}
      propertyPath: m_LocalEulerAnglesHint.y
      value: 0
      objectReference: {fileID: 0}
    - target: {fileID: 1915834439489688455, guid: c1799e113ee5e3f459447f01a3a8f112, type: 3}
      propertyPath: m_LocalEulerAnglesHint.z
      value: 0
      objectReference: {fileID: 0}
    m_RemovedComponents: []
    m_RemovedGameObjects: []
    m_AddedGameObjects: []
    m_AddedComponents:
    - targetCorrespondingSourceObject: {fileID: 875694630720139519, guid: c1799e113ee5e3f459447f01a3a8f112, type: 3}
      insertIndex: -1
      addedObject: {fileID: 2096780886}
    - targetCorrespondingSourceObject: {fileID: 875694630720139519, guid: c1799e113ee5e3f459447f01a3a8f112, type: 3}
      insertIndex: -1
      addedObject: {fileID: 2096780889}
    - targetCorrespondingSourceObject: {fileID: 875694630720139519, guid: c1799e113ee5e3f459447f01a3a8f112, type: 3}
      insertIndex: -1
      addedObject: {fileID: 2096780888}
    - targetCorrespondingSourceObject: {fileID: 875694630720139519, guid: c1799e113ee5e3f459447f01a3a8f112, type: 3}
      insertIndex: -1
      addedObject: {fileID: 2096780884}
    - targetCorrespondingSourceObject: {fileID: 875694630720139519, guid: c1799e113ee5e3f459447f01a3a8f112, type: 3}
      insertIndex: -1
      addedObject: {fileID: 2096780891}
    - targetCorrespondingSourceObject: {fileID: 875694630720139519, guid: c1799e113ee5e3f459447f01a3a8f112, type: 3}
      insertIndex: -1
      addedObject: {fileID: 2096780885}
    - targetCorrespondingSourceObject: {fileID: 875694630720139519, guid: c1799e113ee5e3f459447f01a3a8f112, type: 3}
      insertIndex: -1
      addedObject: {fileID: 2096780887}
    - targetCorrespondingSourceObject: {fileID: 875694630720139519, guid: c1799e113ee5e3f459447f01a3a8f112, type: 3}
      insertIndex: -1
      addedObject: {fileID: 2096780890}
    - targetCorrespondingSourceObject: {fileID: 875694630720139519, guid: c1799e113ee5e3f459447f01a3a8f112, type: 3}
      insertIndex: -1
      addedObject: {fileID: 2096780893}
  m_SourcePrefab: {fileID: 100100000, guid: c1799e113ee5e3f459447f01a3a8f112, type: 3}
--- !u!1660057539 &9223372036854775807
SceneRoots:
  m_ObjectHideFlags: 0
  m_Roots:
  - {fileID: 579766099}
  - {fileID: 1980348932}
  - {fileID: 3775621839849770485}
  - {fileID: 1411352644}
